@article{CrowdSignals,
    author = "Sebastian  Tschiatschek et al",
    title = "Fake News Detection in Social Networks via Crowd Signals",
    journal = "WWW '18: Companion Proceedings of the The Web Conference 2018",
    pages = "517–-524",
    year = "2018",
    DOI = "https://doi.org/10.1145/3184558.3188722",
}

@article{automatic,
    author = "Verónica Pérez-Rosas et al",
    title = "Automatic Detection of Fake News",
    journal = "Proceedings of the 27th International Conference on Computational Linguistics",
    pages = "3391–-3401",
    year = "2018",
    url = "https://www.aclweb.org/anthology/C18-1287",
}